<record><leader>00000cas a22000007a 4500</leader><controlfield tag="001">35576033</controlfield><controlfield tag="008">960918d18991901okuwr n       0    0eng d</controlfield><datafield ind1=" " ind2=" " tag="010"><subfield code="a">sn 96093993 </subfield></datafield><datafield ind1=" " ind2=" " tag="040"><subfield code="a">OBN</subfield><subfield code="b">eng</subfield><subfield code="c">OBN</subfield><subfield code="d">OCLCQ</subfield><subfield code="d">OCLCF</subfield><subfield code="d">OCLCO</subfield></datafield><datafield ind1="1" ind2=" " tag="029"><subfield code="a">AU@</subfield><subfield code="b">000012845470</subfield></datafield><datafield ind1=" " ind2=" " tag="042"><subfield code="a">msc</subfield></datafield><datafield ind1=" " ind2=" " tag="043"><subfield code="a">n-us-ok</subfield></datafield><datafield ind1="0" ind2="4" tag="245"><subfield code="a">Red Rock valley news.</subfield></datafield><datafield ind1=" " ind2=" " tag="260"><subfield code="a">Billings, Noble County, Okla. :</subfield><subfield code="b">W.W. McCullough &amp; Co.</subfield></datafield><datafield ind1=" " ind2=" " tag="300"><subfield code="a">v.</subfield></datafield><datafield ind1=" " ind2=" " tag="310"><subfield code="a">Weekly</subfield></datafield><datafield ind1="0" ind2=" " tag="362"><subfield code="a">-v. 3, no. 15 (Dec. 27, 1901).</subfield></datafield><datafield ind1="1" ind2=" " tag="362"><subfield code="a">Began in 1899.</subfield></datafield><datafield ind1=" " ind2="0" tag="651"><subfield code="a">Billings (Okla.)</subfield><subfield code="v">Newspapers.</subfield></datafield><datafield ind1=" " ind2="0" tag="651"><subfield code="a">Noble County (Okla.)</subfield><subfield code="v">Newspapers.</subfield></datafield><datafield ind1=" " ind2="7" tag="655"><subfield code="a">Newspapers.</subfield><subfield code="2">fast</subfield><subfield code="0">(OCoLC)fst01423814</subfield></datafield><datafield ind1=" " ind2="7" tag="651"><subfield code="a">Oklahoma</subfield><subfield code="z">Billings.</subfield><subfield code="2">fast</subfield><subfield code="0">(OCoLC)fst01302445</subfield></datafield><datafield ind1=" " ind2="7" tag="651"><subfield code="a">Oklahoma</subfield><subfield code="z">Noble County.</subfield><subfield code="2">fast</subfield><subfield code="0">(OCoLC)fst01209446</subfield></datafield><datafield ind1=" " ind2=" " tag="752"><subfield code="a">United States</subfield><subfield code="b">Oklahoma</subfield><subfield code="c">Noble</subfield><subfield code="d">Billings.</subfield></datafield><datafield ind1="0" ind2="0" tag="785"><subfield code="t">Billings news (Billings, Okla. : 1902)</subfield><subfield code="w">(DLC)sn 96087757</subfield><subfield code="w">(OCoLC)34740784</subfield></datafield></record>